<record xmlns='http://www.loc.gov/MARC21/slim'><leader>01406cim a22003372u 4500</leader><controlfield tag='001'>3601981</controlfield><controlfield tag='005'>20151214183009.0</controlfield><controlfield tag='007'>ss|lmnjluz|nuu</controlfield><controlfield tag='008'>991101s1988    nyunnn         l    eng d</controlfield><datafield ind1=' ' ind2=' ' tag='035'><subfield code='a'>(NIC)notisASF9046</subfield></datafield><datafield ind1=' ' ind2=' ' tag='035'><subfield code='a'>3601981</subfield></datafield><datafield ind1=' ' ind2=' ' tag='035'><subfield code='a'>(OCoLC)63898595</subfield></datafield><datafield ind1=' ' ind2=' ' tag='040'><subfield code='a'>NIC</subfield><subfield code='c'>NIC</subfield><subfield code='d'>NIC</subfield></datafield><datafield ind1='1' ind2=' ' tag='100'><subfield code='a'>Barrett, Michele.</subfield></datafield><datafield ind1='1' ind2='0' tag='245'><subfield code='a'>Recent developments in feminist theory: &quot;women&apos;s oppression today&quot; reconsidered</subfield><subfield code='h'>[sound recording]</subfield></datafield><datafield ind1=' ' ind2=' ' tag='260'><subfield code='c'>1988.</subfield></datafield><datafield ind1=' ' ind2=' ' tag='300'><subfield code='a'>1 sound cassette (85 min.) :</subfield><subfield code='b'>analog, mono.</subfield></datafield><datafield ind1=' ' ind2=' ' tag='500'><subfield code='a'>Recorded in Ithaca, NY by Cornell University.</subfield></datafield><datafield ind1=' ' ind2=' ' tag='500'><subfield code='a'>Sponsored by: Society for the Humanities.</subfield></datafield><datafield ind1=' ' ind2=' ' tag='500'><subfield code='a'>Speaker(s): She is senior fellow at the City University at London.</subfield></datafield><datafield ind1=' ' ind2=' ' tag='518'><subfield code='a'>Lecture, October 19, 1988.</subfield></datafield><datafield ind1=' ' ind2=' ' tag='520'><subfield code='a'>Barrett describes a new feminist interest in the body which varies significantly from the work of Foucault and from recent discussions of cyborgs.  She suggests that this new interest is tied to the broader feminist concern with the politics of reproductive choice.</subfield></datafield><datafield ind1=' ' ind2='0' tag='650'><subfield code='a'>Feminism.</subfield></datafield><datafield ind1=' ' ind2='0' tag='650'><subfield code='a'>Feminist literature.</subfield></datafield><datafield ind1=' ' ind2='0' tag='650'><subfield code='a'>Women authors.</subfield></datafield><datafield ind1=' ' ind2='7' tag='650'><subfield code='a'>Feminism</subfield><subfield code='2'>fast</subfield><subfield code='0'>(OCoLC)fst00922671</subfield></datafield><datafield ind1=' ' ind2='7' tag='650'><subfield code='a'>Feminist literature</subfield><subfield code='2'>fast</subfield><subfield code='0'>(OCoLC)fst00922784</subfield></datafield><datafield ind1=' ' ind2='7' tag='650'><subfield code='a'>Women authors</subfield><subfield code='2'>fast</subfield><subfield code='0'>(OCoLC)fst01177198</subfield></datafield><datafield ind1='1' ind2=' ' tag='899'><subfield code='a'>CULectures</subfield></datafield><datafield ind1=' ' ind2=' ' tag='905'><subfield code='a'>19991201120000.0</subfield></datafield><datafield ind1='2' ind2=' ' tag='948'><subfield code='a'>20141221</subfield><subfield code='b'>m</subfield><subfield code='d'>batch</subfield><subfield code='e'>lts</subfield><subfield code='x'>addfast</subfield></datafield></record>